@article{bagheri15,
    author={H. Bagheri and E. Kang and S. Malek and D. Jackson},
    title={Detection of design flaws in the Android permission protocol through
    bounded verification},
    journal={Proceedings of the 2015 International Symposium on Formal Methods},
    volume={volume 9019 of Lecture Notes in Computer Science},
    pages={73-89},
    year={2015},
}
@article{bagheri,
    author={H. Bagheri and E. Kang and S. Malek and D. Jackson},
    title={A formal approach for detection in security flaws in the Android
    permission system},
    journal={Formal Aspects of Computing},
    volume={vol. 30, no. 5},
    pages={525-544},
    year={2018},
}
@article{shin-custom,
    author={Shin and Wook and S. Kwak and S. Kiyomoto and K. Fukushima and T. Tanaka},
    title={A small but non-negligible flaw in the Android permission scheme},
    journal={2010 IEEE International Symposium on Policies for Distributed Systems and Networks},
    pages={107-110},
    year={2010},
}