@misc{1,
    howpublished={\url{https://www.statista.com/statistics/266219/global-smartphone-sales-since-1st-quarter-2009-by-operating-system/}}
}
@misc{2,
    howpublished={\url{https://source.android.com/security/reports/Google_Android_Security_2018_Report_Final.pdf}}
}
@misc{3,
    howpublished={\url{https://www.statista.com/statistics/266210/number-of-available-applications-in-the-google-play-store/}}
}
@misc{coq,
    title={The Coq Proof Assistant},
    howpublished={\url{https://coq.inria.fr/}}
}
@misc{android-car,
    title={Android Automotive},
    howpublished={\url{https://source.android.com/devices/automotive}}
}
@misc{alloy,
    author={H. Bagheri and E. Kang and S. Malek and D. Jackson},
    title={A Formal Approach for Detection of Security Flaws in the Android Permission System},
    year={2019},
}
@misc{aromano,
    author={A. Romano},
    title={Descripción y análisis formal del modelo de seguridad de Android.},
    howpublished={Tesina de grado, Licenciatura en ciencias de la computación,
    Universidad Nacional de Rosario, Argentina, 2014},
}
@misc{fgorostiaga,
    author={F. Gorostiaga},
    title={Especificación e implementación de un prototipo certificado del
    sistema de permisos de Android},
    howpublished={Tesina de grado, Licenciatura en ciencias de la computación,
    Universidad Nacional de Rosario, Argentina, 2016},
}